<?xml version="1.0" encoding="UTF-8"?><collection xmlns="http://www.loc.gov/MARC21/slim"><record><leader>00488nam--2200193-u-4500</leader><controlfield tag="001">000054906</controlfield><controlfield tag="002">20161230</controlfield><controlfield tag="005">20161230201051</controlfield><controlfield tag="008">120702s1000------------r-----000-0-rus-d</controlfield><datafield ind1=" " ind2=" " tag="040"><subfield code="a">IFIN-HH</subfield></datafield><datafield ind1=" " ind2=" " tag="041"><subfield code="a">rus</subfield></datafield><datafield ind1=" " ind2=" " tag="080"><subfield code="a">539.18</subfield></datafield><datafield ind1="1" ind2=" " tag="100"><subfield code="a">Glauberman, A.Yu</subfield></datafield><datafield ind1="1" ind2="0" tag="245"><subfield code="a">Fizika atoma ta kbantoba mehanika</subfield><subfield code="c">A.yu. glauberman, l.o. manakin</subfield></datafield><datafield ind1=" " ind2=" " tag="260"><subfield code="a">Kiev</subfield><subfield code="b">Visa Skola</subfield><subfield code="c">1971</subfield></datafield><datafield ind1=" " ind2=" " tag="300"><subfield code="a">291P</subfield></datafield><datafield ind1="1" ind2=" " tag="700"><subfield code="a">Manakin, L.O</subfield></datafield><datafield ind1=" " ind2=" " tag="852"><subfield code="a">39052</subfield><subfield code="c">539.18</subfield></datafield><datafield ind1=" " ind2=" " tag="CAT"><subfield code="a">Sys</subfield><subfield code="c">20120702</subfield><subfield code="h">173247</subfield></datafield></record></collection>